@Book{sciballooning,
      author = {Yajima, N. and Izutsu, N. and Imamura, T. and Abe, T.},
	  title = {Scientific Ballooning: Technology and Applications of Exploration Balloons Floating in the Stratosphere and the Atmospheres of Other Planets},
	  publisher = {Springer},
	  year = {2009},
	  address = {New York, NY},
	  series = {Lecture Notes in Mathematics}
}
	  
@Book{crchandbook,
      editor = {Lide, D.R. and Frederickse, H.P.R},
	  title = {CRC Handbook of Chemistry and Physics - A Ready-Reference Book of Chemical and Physical Data},
	  edition = {78th edition},
	  year = {1997},
	  publisher = {CRC Press},
	  address = {Boca Raton, NY}
}

@Book{rubberandrubberballoons,
      author = {MÃ¼ller, I. and Strehlow, P.},
	  title = {Rubber and Rubber Balloons: Paradigms of Thermodynamics},
	  publisher = {Springer},
	  year = {2004},
	  series = {Lecture Notes in Physics},
	  address = {New York, NY} 
}

@article{kanner1inflation,
  title={Inflation of Strain-Stiffening Rubber-Like Thin Spherical Shells},
  author={Kanner, Landon M},
  journal={Strain},
  volume={1},
  number={2},
  pages={1}
}